@article{aho2003,
  title={Компиляторы},
  author={Ахо, Альфред and Лам, Моника С and Сети, Рави and Ульман, Джеффри Д},
  journal={Принципы, технологии, инструментарий},
  year={2003}
}

@book{vladimirtov2004struct,
  title={Оптимизирующие компиляторы. Структура и алгоритмы},
  author={Владимиров, Константин},
  year={2024},
  publisher={Litres}
}

@book{grune2012modern,
  title={Modern compiler design},
  author={Grune, Dick and Van Reeuwijk, Kees and Bal, Henri E and Jacobs, Ceriel JH and Langendoen, Koen},
  year={2012},
  publisher={Springer Science \& Business Media}
}

@article{serebrykov2001,
  title={Основы конструирования компиляторов},
  author={Серебряков, ВА and Галочкин, МП},
  journal={М.: Эдиториал УРСС},
  volume={221},
  number={1},
  year={2001}
}